[gd_scene load_steps=6 format=2]

[ext_resource path="res://Assets/room 1.jpg" type="Texture" id=1]
[ext_resource path="res://Assets/black.png" type="Texture" id=2]
[ext_resource path="res://Scripts/LinkButton.gd" type="Script" id=3]
[ext_resource path="res://Assets/small muli.tres" type="DynamicFont" id=4]
[ext_resource path="res://Assets/mulifont.tres" type="DynamicFont" id=5]

[node name="MarginContainer" type="MarginContainer"]
anchor_right = 1.0
anchor_bottom = 1.0
margin_right = -9.0
custom_constants/margin_right = 50
custom_constants/margin_top = 80
custom_constants/margin_left = 50
custom_constants/margin_bottom = 80
__meta__ = {
"_edit_use_anchors_": false
}

[node name="black" type="Sprite" parent="."]
position = Vector2( 538.845, 324.832 )
scale = Vector2( 1.82452, 1.73731 )
texture = ExtResource( 2 )

[node name="HBoxContainer" type="HBoxContainer" parent="."]
margin_left = 50.0
margin_top = 80.0
margin_right = 965.0
margin_bottom = 520.0

[node name="VBoxContainer" type="VBoxContainer" parent="HBoxContainer"]
margin_right = 588.0
margin_bottom = 440.0
size_flags_vertical = 3

[node name="Label" type="Label" parent="HBoxContainer/VBoxContainer"]
margin_right = 588.0
margin_bottom = 305.0
custom_fonts/font = ExtResource( 5 )
custom_colors/font_color = Color( 0.803922, 0.0823529, 0.0823529, 1 )
custom_colors/font_outline_modulate = Color( 0.815686, 0.0705882, 0.0705882, 1 )
text = "Timmy's
Nightmare"

[node name="VBoxContainer" type="VBoxContainer" parent="HBoxContainer/VBoxContainer"]
margin_top = 309.0
margin_right = 588.0
margin_bottom = 440.0
size_flags_horizontal = 3
size_flags_vertical = 3

[node name="LinkButton" type="LinkButton" parent="HBoxContainer/VBoxContainer/VBoxContainer"]
margin_right = 588.0
margin_bottom = 63.0
size_flags_horizontal = 3
size_flags_vertical = 3
custom_fonts/font = ExtResource( 4 )
text = "New Game"
script = ExtResource( 3 )
scene_to_load = "room1"

[node name="LinkButton2" type="LinkButton" parent="HBoxContainer/VBoxContainer/VBoxContainer"]
margin_top = 67.0
margin_right = 588.0
margin_bottom = 131.0
focus_mode = 2
size_flags_horizontal = 3
size_flags_vertical = 3
custom_fonts/font = ExtResource( 4 )
text = "Controls"
script = ExtResource( 3 )
__meta__ = {
"_edit_use_anchors_": false
}
scene_to_load = "Controls"

[node name="TextureRect" type="TextureRect" parent="HBoxContainer"]
margin_left = 592.0
margin_right = 592.0
margin_bottom = 440.0

[node name="room 1" type="Sprite" parent="HBoxContainer/TextureRect"]
position = Vector2( 197.714, 223.426 )
scale = Vector2( 0.520353, 0.65513 )
texture = ExtResource( 1 )

[connection signal="pressed" from="HBoxContainer/VBoxContainer/VBoxContainer/LinkButton" to="HBoxContainer/VBoxContainer/VBoxContainer/LinkButton" method="_on_LinkButton_pressed"]
[connection signal="pressed" from="HBoxContainer/VBoxContainer/VBoxContainer/LinkButton2" to="HBoxContainer/VBoxContainer/VBoxContainer/LinkButton2" method="_on_LinkButton_pressed"]
